% References

% date accessed field? Maybe put in later

%\bibitem{analog_reference} 
%"Build CMOS Logic Functions Using CD4007 Array." \newline
%Internet: https://wiki.analog.com/university/courses/electronics/electronics-lab-28, \newline Jul. 24, 2017 [Oct. 28, 2017].

%@electronic{IEEEhowto:IEEEtranpage,
 % %author        = "Michael Shell",
 % title         = "{IEEE}tran Homepage",
 % url           = "http://www.michaelshell.org/tex/ieeetran/",
 % year          = "2015"
%}



% =======================================================================================================================
%


@online{src_autopsy,
  author = {Brian Carrier},
  organization = {Sleuth Kit},
  title = {Autopsy Digital Forensics Platform},
  url = {https://www.sleuthkit.org/autopsy/},
  version = {4.10.0},
  date = {2019-01-19},
}

@online{src_FAT-filesizes,
  author  = "Microsoft Corporation",
  title         = "Working with File Systems",
  howpublished  = "Windows XP Professional Resource Kit",
  url           = "https://web.archive.org/web/20060307082555/http://www.microsoft.com/technet/prodtechnol/winxppro/reskit/c13621675.mspx",
  year          = "2005"
}

@online{src_STM,
  organization  = "ST Microelectronics",
  title         = "STM32L476RE Technical Documentation",
  url           = "https://www.st.com/en/microcontrollers-microprocessors/stm32l476re.html",
  year          = "2019"
}


@manual{stmdatasheet,
    organization  = "ST Microelectronics",
    title   = "STM32L476xx... Ultra-low-power Arm Cortex-M4 32-bit MCU+FPU... Datasheet - production data",
    year    = "2018",
    month   = "May",
    edition  = "7",
}

@manual{fatspec,
    organization  = "Microsoft",
    title   = "Microsoft FAT Specification",
    year    = "2005",
    month   = "August",
}

@manual{ltc:3560,
    organization  = "Linear Technology Corporation",
    title         = "LTC3560",
    number        = "LT0509",
    year          =  2009,
    %month         =  4,    
    note          = "Rev. B"
}